<?xml version="1.0" encoding="UTF-8"?><collection><record><leader>07788ntm a2200541 a 4500</leader><controlfield tag="001">005983144</controlfield><controlfield tag="003">MiAaHDL</controlfield><controlfield tag="005">20190719000000.0</controlfield><controlfield tag="006">m        d        </controlfield><controlfield tag="007">cr bn ---auaua</controlfield><controlfield tag="008">090402s17uu    xx            00| ||ara d</controlfield><datafield tag="035" ind1=" " ind2=" "><subfield code="a">(MiU)005983144</subfield></datafield><datafield tag="035" ind1=" " ind2=" "><subfield code="a">sdr-miu005983144</subfield></datafield><datafield tag="040" ind1=" " ind2=" "><subfield code="a">MiU</subfield><subfield code="c">MiU</subfield><subfield code="e">amremm</subfield></datafield><datafield tag="043" ind1=" " ind2=" "><subfield code="a">n-us-mi</subfield></datafield><datafield tag="100" ind1="1" ind2=" "><subfield code="6">880-01</subfield><subfield code="a">Qārī al-Harawī, ʻAlī ibn Sulṭān Muḥammad,</subfield><subfield code="d">-1605 or 1606.</subfield></datafield><datafield tag="245" ind1="1" ind2="0"><subfield code="6">880-03</subfield><subfield code="a">[Sharḥ al-Shifāʼ fī shamāʼil Ṣāḥib al-iṣṭifāʼ,</subfield><subfield code="f">18th century?].</subfield></datafield><datafield tag="260" ind1=" " ind2=" "><subfield code="c">[17--]</subfield></datafield><datafield tag="300" ind1=" " ind2=" "><subfield code="a">423 leaves :</subfield><subfield code="b">paper ;</subfield><subfield code="c">245 x 175 (190 x 110) mm.</subfield></datafield><datafield tag="500" ind1=" " ind2=" "><subfield code="a">Shelfmark: Ann Arbor, University of Michigan, Special Collections Library, Isl. Ms. 27</subfield></datafield><datafield tag="500" ind1=" " ind2=" "><subfield code="a">Origin: Lacks dated scribal colophon ; paper suggests 18th century.</subfield></datafield><datafield tag="500" ind1=" " ind2=" "><subfield code="a">Accompanying materials: Slip of modern (acidic) notepaper with notes in black ink between pp.12-13 (not paginated).</subfield></datafield><datafield tag="500" ind1=" " ind2=" "><subfield code="a">Former shelfmark: British Museum, London "No. 24 Sharh Kitab al-shifa."</subfield></datafield><datafield tag="500" ind1=" " ind2=" "><subfield code="a">Binding: Pasteboards covered in brown leather (goat?) ; Type II binding (with flap) ; pastedowns and flyleaves in gold-flecked, mustard-colored laid paper over green linen lining ; upper and lower covers bear blind-stamped and gold-painted scalloped mandorla filled with floral vegetal composition (compare Déroche class. Nsd7) with pendants, gold-painted accents and tooled border ; sewn in red thread, two stations ; endbands in cream, head intact, tail mostly intact ; in fair condition ; binding and cover are sound ; some tide-lines from water-damage in margins of pages ; linen lining used for repair over leather over fore-edge and spine.</subfield></datafield><datafield tag="500" ind1=" " ind2=" "><subfield code="a">Support: European laid paper with 11 laid lines per cm. (vertical) and chain lines spaced 22 mm. apart (horizontal) ; watermarks include lion passant holding flower/leaf (see p.12, 19, 33, etc.) and eagle (in profile, with crown on the head) within scrollwork (see p.15, 27, 45, etc.).</subfield></datafield><datafield tag="500" ind1=" " ind2=" "><subfield code="a">Decoration: Elegant illuminated headpiece (ʻunwān) at opening on p.4, consisting of w-shaped piece filled with swirling floral motif in gold, green, blue, orange, and red set in a well of pink and blue bands separated by gold fillets ; written area of incipit and facing page surrounded by a frame consisting of wide gold band with outermost red fillet, elsewhere text surrounded by red rule-border ; textual dividers in the form of red circles (resembling ه or numeral khamsah) ; overlining in red ; chapter and section headings rubricated.</subfield></datafield><datafield tag="500" ind1=" " ind2=" "><subfield code="a">Script: Naskh ; fine Turkish hand ; mainly serifless, though occasional left-sloping head-serif appears on lām of definite article, alif of lām alif ligature, etc. ; mainly closed counters ; kāf mashkūlah (mashqūqah) preferred ; very slight effect of tilt to the left and of words descending to baseline (occasionally more apparent) ; dot of final nūn very often assimilated with bowl ; glosses in several other hands.</subfield></datafield><datafield tag="500" ind1=" " ind2=" "><subfield code="a">Layout: Written in 33 lines per page ; frame-ruled.</subfield></datafield><datafield tag="500" ind1=" " ind2=" "><subfield code="a">Collation: ii, VI (12), 18 V(192), VI (204), 11 V (314), V+3 (327), 2 IV(343), V+1 (354), 5 V(404), V+1 (415), IV (423), i ; chiefly quinions ; final leaf left blank ; lacks proper catchwords, but last word of final line on the verso of each leaf is usually repeated at the beginning of the first line on the following recto ; pagination in pencil, Western numerals (supplied during digitization ; skips two pages each between pp.45-46 and pp.99-100, drops from p.100 to p.61, skips ahead from p.378 to p.380 and from p.381 to p.383, drops from p.433 to p.424).</subfield></datafield><datafield tag="500" ind1=" " ind2=" "><subfield code="a">Colophon: "Authorial," rectangular, reads: "فرغ مؤلفه رحمه [؟] سلفه اوسط رمضان المبارك عام احد عشر بعد الالف من الهجرة النبوية الى المدينة السكينة و ذلك بمكة المكرمة الامينة و انا الفقير الى بر ربه الباري علي بن سلطان محمد القاري الحنفي عاملهما الله بلطفه الخفي و كرمه الوفي و من احسن ما نظم في تحسين هذا الكتاب ما قاله بعض اولى الالباب من الاصحاب ... اصاب الله جامعه عياضا جنات الخلد فهي له جزاء و زاد محبه شرفا و فضلا و بلغه المهيمن ما شاء تم تم تم"</subfield></datafield><datafield tag="500" ind1=" " ind2=" "><subfield code="a">Explicit: "فعذب ماؤها بعد ما كان مالحا فهو سبحانه حسبنا و نعم الوكيل ربنا و نعم الشفيع نبينا ونسأل الله دوام العافية وتوفيق تمام الطاعة وحسن الخاتمة والحمد لله اولا واخرا ... برحمتك يا ارحم الراحمين امين"</subfield></datafield><datafield tag="500" ind1=" " ind2=" "><subfield code="a">Incipit: "الحمد لله اللذى انزل القرآن شفاء لما في الصدور و هدى و رحمة للمؤمنين و شفى به من مكان اشفى على شفائر جهنم من الكافرين و الصلوة و السلام على سيد المرسلين ... اما بعد فيقول افقر العباد الى كرم ربه الباري علي بن سلطان محمد القاري لما رايت كتاب الشفاء في شمائل صاحب الاصطفاء اجمع ما صنف في بابه مجملا في الاستيفاء لعدم امكان الوصول الى انتهاء الاستقصاء قصدت ان اخدمه بشرح يشرح ما يتعلق به من تحقيق الاعراب و البناء ... قال بسم الله الرحمن الريم اقتداء بالكلام المجيد"</subfield></datafield><datafield tag="500" ind1=" " ind2=" "><subfield code="a">Title supplied by cataloguer from opening on p.4.</subfield></datafield><datafield tag="500" ind1=" " ind2=" "><subfield code="a">Ms. codex.</subfield></datafield><datafield tag="510" ind1="4" ind2=" "><subfield code="a">Brockelmann, C. GAL,</subfield><subfield code="c">I, 455-6 ; S I, 630-2</subfield></datafield><datafield tag="520" ind1="8" ind2=" "><subfield code="a">Fine copy of al-Qārī al-Harawī's commentary on ʻIyāḍ ibn Mūsá's treatise on the devotional obligations of Muslims towards the Prophet. Two volumes in one. Description provided mainly by Sarah Mirza.</subfield></datafield><datafield tag="538" ind1=" " ind2=" "><subfield code="a">Mode of access: Internet.</subfield></datafield><datafield tag="541" ind1=" " ind2=" "><subfield code="c">Purchase ;</subfield><subfield code="a">Acquired by purchase (funds donated by Horace Rackham).</subfield><subfield code="d">1924.</subfield></datafield><datafield tag="546" ind1=" " ind2=" "><subfield code="a">Arabic.</subfield></datafield><datafield tag="561" ind1=" " ind2=" "><subfield code="a">Bookplate of British Museum, London on interior of upper cover, "British Museum, London. No. 24 Sharh Kitab al-shifa." ; circular seal impression with figure of goat/gazelle in purple ink as well as inscription "254" in Western numerals on p.1 ; on ’title page’ (p.3), a detailed waqf statement in the name of al-Sayyid ʻAbd Allāh Adīb (Abdullah Edip), known as Jannatʹzādah (Cennet-zade), qāḍī of Erzurum, accompanied by his seal (repeated on p.4), reads: "وقفت وقفا صحيحا شرعيا بشرط ان لا يخرج من بيت الكتب الذي بنيته في اتصال داري ان احتاجوا اشد الاحتياج بكفيل مرعى اورهن قوي وانا الفقير اليه عز شانه السيد عبد الله اديب الشهير بجنت زاده القاضي بمدينة ارضروم عفى عنه في سنة اثنى وستين ومائتين والف" ; numerous glosses in several hands.</subfield></datafield><datafield tag="600" ind1="0" ind2="0"><subfield code="a">Muḥammad,</subfield><subfield code="c">Prophet,</subfield><subfield code="d">-632</subfield><subfield code="v">Early works to 1800.</subfield></datafield><datafield tag="600" ind1="0" ind2="0"><subfield code="a">ʻIyāḍ ibn Mūsá,</subfield><subfield code="d">1083-1149.</subfield><subfield code="t">Shifāʼ bi-taʻrīf ḥuqūq al-Muṣṭafá.</subfield></datafield><datafield tag="650" ind1=" " ind2="0"><subfield code="a">Manuscripts, Arabic</subfield><subfield code="z">Michigan</subfield><subfield code="z">Ann Arbor.</subfield></datafield><datafield tag="650" ind1=" " ind2="0"><subfield code="a">Hadith</subfield><subfield code="x">Criticism, interpretation, etc.</subfield><subfield code="v">Early works to 1800.</subfield></datafield><datafield tag="650" ind1=" " ind2="0"><subfield code="a">Religious life</subfield><subfield code="x">Islam</subfield><subfield code="v">Early works to 1800.</subfield></datafield><datafield tag="773" ind1="0" ind2=" "><subfield code="a">Tiflis Collection.</subfield></datafield><datafield tag="880" ind1="1" ind2="0"><subfield code="6">245-03/</subfield><subfield code="a">[شرح الشفاء في شمائل صاحب الاصطفاء,</subfield><subfield code="f">القرن 18م؟].</subfield></datafield><datafield tag="880" ind1="1" ind2=" "><subfield code="6">100-01/</subfield><subfield code="a">قاري الهروي، علي بن سلطان محمد,</subfield></datafield><datafield tag="CID" ind1=" " ind2=" "><subfield code="a">005983144</subfield></datafield><datafield tag="DAT" ind1="0" ind2=" "><subfield code="a">20190719102633.0</subfield><subfield code="b">20190719000000.0</subfield></datafield><datafield tag="DAT" ind1="1" ind2=" "><subfield code="a">20190719090653.0</subfield><subfield code="b">2019-07-19T16:11:12Z</subfield></datafield><datafield tag="DAT" ind1="2" ind2=" "><subfield code="a">2015-10-02T18:00:03Z</subfield></datafield><datafield tag="CAT" ind1=" " ind2=" "><subfield code="a">SDR-MIU</subfield><subfield code="d">EX LIBRIS - ALEPH</subfield><subfield code="l">prepare.pl-004-008</subfield></datafield><datafield tag="FMT" ind1=" " ind2=" "><subfield code="a">BK</subfield></datafield><datafield tag="HOL" ind1=" " ind2=" "><subfield code="0">sdr-miu005983144</subfield><subfield code="a">MiU</subfield><subfield code="b">SDR</subfield><subfield code="c">MIU</subfield><subfield code="p">mdp.39015079105600</subfield><subfield code="s">MIU</subfield><subfield code="1">005983144</subfield></datafield><datafield tag="974" ind1=" " ind2=" "><subfield code="b">MIU</subfield><subfield code="c">MIU</subfield><subfield code="d">20190719</subfield><subfield code="s">lit-dlps-dc</subfield><subfield code="u">mdp.39015079105600</subfield><subfield code="y">1799</subfield><subfield code="r">pd</subfield><subfield code="q">bib</subfield><subfield code="t">non-US bib date1 &lt; 1896</subfield></datafield></record></collection>